@article{ASMAl2024,
    author = {{Aerospace Specification Metals Inc.}},
    title = {{Aluminium 2024-T3}},
    year = 2024,
}

@book{mil,
    author = {Department of Defense United State of America},
    title = {MILITARY HANDBOOK METALLIC MATERIALS AND ELEMENTS FOR AEROSPACE VEHICLE STRUCTURES},
    publisher = {US Government},
    year = {1998}
}


@article{pop,
    author = {Blindrivetsupply.com},
    title = {POPÂ® AD44H Closed End Blind Rivet; 1/8 Inch (0.125 Inch), (0.188 - 0.250 Inch Grip), Dome Head, Aluminum/Steel, Plain},
    year = {2024},
    url = {https://www.blindrivetsupply.com/POP%C2%AE-AD44H-Closed-End-Blind-Rivet-18-Inch-0125-Inch-0188--0250-Inch-Grip-Dome-Head-AluminumSteel-Plain_p_26591.html?srsltid=AfmBOop56HZyYfAZiF0H4QjtJREDPrspxpluoZtlDnnJMo_gvCVzXtZ0}
}

@article{solid,
    author = {Pegasus Auto Racing Supplies, Inc},
    title = {Universal Head Aluminum Aircraft Rivet (AN470)},
    year = {2024},
    url = {https://www.pegasusautoracing.com/productselection.asp?Product=MS20470AD#:~:text=The%20350%20lb%20shear%20strength,on%20interior%20and%20exterior%20applications.&text=The%20MS20470%20number%20(supersedes%20AN470,head%20rivets%20in%20the%20USA.}
}

@article{cherry,
    author = {Cherry Aerospace},
    title = {CherryMax Rivet},
    year = {2024},
    url = {https://www.cherryaerospace.com/docs/catalogs/CA-1011.pdf}
}
